<record><leader>00000cas a22000007a 4500</leader><controlfield tag="001">14872663</controlfield><controlfield tag="008">861125d1874188upauwr ne      0    0eng d</controlfield><datafield ind1=" " ind2=" " tag="010"><subfield code="a">sn 86053940 </subfield></datafield><datafield ind1=" " ind2=" " tag="040"><subfield code="a">NPX</subfield><subfield code="b">eng</subfield><subfield code="c">NPX</subfield><subfield code="d">NPH</subfield><subfield code="d">OCLCQ</subfield></datafield><datafield ind1=" " ind2=" " tag="042"><subfield code="a">msc</subfield></datafield><datafield ind1="0" ind2=" " tag="130"><subfield code="a">Shenandoah weekly herald (Shenandoah, Pa. : 1874)</subfield></datafield><datafield ind1="1" ind2="0" tag="245"><subfield code="a">Shenandoah weekly herald.</subfield></datafield><datafield ind1="3" ind2="0" tag="246"><subfield code="a">Weekly herald</subfield></datafield><datafield ind1="3" ind2="0" tag="246"><subfield code="a">Weekly Shenandoah herald</subfield></datafield><datafield ind1="1" ind2="7" tag="246"><subfield code="a">Shenandoah herald</subfield></datafield><datafield ind1=" " ind2=" " tag="260"><subfield code="a">Shenandoah, Pa. :</subfield><subfield code="b">Herald Print. Co.</subfield></datafield><datafield ind1=" " ind2=" " tag="300"><subfield code="a">v.</subfield></datafield><datafield ind1=" " ind2=" " tag="310"><subfield code="a">Weekly</subfield></datafield><datafield ind1="1" ind2=" " tag="362"><subfield code="a">Began with Jan. 10, 1874 issue.</subfield></datafield><datafield ind1=" " ind2=" " tag="500"><subfield code="a">"Shenandoah" appears above title ornament in small type, &lt;1876&gt;.</subfield></datafield><datafield ind1=" " ind2=" " tag="500"><subfield code="a">Editor: Thomas J. Foster, &lt;1876&gt;.</subfield></datafield><datafield ind1=" " ind2=" " tag="530"><subfield code="a">Available on microfilm from Smithsonian Institution Photo Services Division.</subfield></datafield><datafield ind1=" " ind2=" " tag="580"><subfield code="a">Daily eds.: Daily herald (Shenandoah, Pa.), 1875-1876; Evening herald (Shenandoah, Pa. : 1876), 1876-188u.</subfield></datafield><datafield ind1=" " ind2=" " tag="588"><subfield code="a">Description based on: Vol. 6, no. 19 (May 8, 1875).</subfield></datafield><datafield ind1=" " ind2=" " tag="752"><subfield code="a">United States</subfield><subfield code="b">Pennsylvania</subfield><subfield code="c">Schuylkill</subfield><subfield code="d">Shenandoah.</subfield></datafield><datafield ind1="1" ind2=" " tag="775"><subfield code="t">Daily herald (Shenandoah, Pa.)</subfield><subfield code="w">(DLC)sn 88079457</subfield></datafield><datafield ind1="1" ind2=" " tag="775"><subfield code="t">Evening herald (Shenandoah, Pa. : 1876)</subfield><subfield code="w">(DLC)sn 86053939</subfield></datafield><datafield ind1="0" ind2="0" tag="780"><subfield code="t">Shenandoah herald (Shenandoah, Pa. : Weekly : 1870)</subfield><subfield code="w">(DLC)sn 87078527</subfield></datafield><datafield ind1="0" ind2="0" tag="785"><subfield code="t">Shenandoah herald (Shenandoah, Pa. : Weekly : 1884)</subfield><subfield code="w">(DLC)sn 86081598</subfield></datafield><datafield ind1="1" ind2=" " tag="029"><subfield code="a">AU@</subfield><subfield code="b">000025797584</subfield></datafield></record>